<record><leader>00000cas a22000007a 4500</leader><controlfield tag="001">20818467</controlfield><controlfield tag="008">891226d19691971nduwr ne      0    0eng d</controlfield><datafield ind1=" " ind2=" " tag="010"><subfield code="a">sn 89074447 </subfield></datafield><datafield ind1=" " ind2=" " tag="040"><subfield code="a">NOP</subfield><subfield code="b">eng</subfield><subfield code="c">NOP</subfield><subfield code="d">NSD</subfield><subfield code="d">OCL</subfield><subfield code="d">OCLCQ</subfield></datafield><datafield ind1=" " ind2=" " tag="042"><subfield code="a">msc</subfield></datafield><datafield ind1="0" ind2=" " tag="130"><subfield code="a">Reporter (Casselton, N.D.)</subfield></datafield><datafield ind1="1" ind2="4" tag="245"><subfield code="a">The Reporter.</subfield></datafield><datafield ind1="1" ind2="3" tag="246"><subfield code="a">Reporter Casselton reporter-Hunter times</subfield></datafield><datafield ind1=" " ind2=" " tag="260"><subfield code="a">Casselton, N.D. :</subfield><subfield code="b">Potter Printing Inc.</subfield></datafield><datafield ind1=" " ind2=" " tag="300"><subfield code="a">3 v. :</subfield><subfield code="b">ill. ;</subfield><subfield code="c">58 cm.</subfield></datafield><datafield ind1=" " ind2=" " tag="310"><subfield code="a">Weekly</subfield></datafield><datafield ind1="0" ind2=" " tag="362"><subfield code="a">89th year, no. 47 (Mar. 21, 1969)-92nd year, no. 3 (May 13, 1971).</subfield></datafield><datafield ind1=" " ind2=" " tag="500"><subfield code="a">Masthead and publisher's block also say: The Reporter Casselton reporter-Hunter times, Mar. 21-Apr. 3, 1969.</subfield></datafield><datafield ind1=" " ind2=" " tag="500"><subfield code="a">Masthead and publisher's block also say: The Reporter Casselton reporter-the Hunter times-the Kindred tribune, Apr. 10, 1969-May 13, 1971.</subfield></datafield><datafield ind1=" " ind2=" " tag="500"><subfield code="a">Two editions published May 28, 1970.</subfield></datafield><datafield ind1=" " ind2=" " tag="530"><subfield code="a">Available on microfilm from the State Historical Society of North Dakota.</subfield></datafield><datafield ind1=" " ind2=" " tag="752"><subfield code="a">United States</subfield><subfield code="b">North Dakota</subfield><subfield code="c">Cass</subfield><subfield code="d">Casselton.</subfield></datafield><datafield ind1="0" ind2="0" tag="780"><subfield code="t">Casselton reporter</subfield><subfield code="w">(DLC)sn 89074446</subfield></datafield><datafield ind1="0" ind2="5" tag="780"><subfield code="t">Hunter times</subfield><subfield code="w">(DLC)sn 89074449</subfield></datafield><datafield ind1="0" ind2="5" tag="780"><subfield code="t">Kindred tribune</subfield><subfield code="w">(DLC)sn 89074452</subfield></datafield><datafield ind1="0" ind2="0" tag="785"><subfield code="t">Cass County reporter</subfield><subfield code="x">1074-1801</subfield><subfield code="w">(DLC)sn 89074448</subfield></datafield></record>